<?xml version="1.0" encoding="UTF-8"?><collection xmlns="http://www.loc.gov/MARC21/slim"><record><leader>00444nam--2200133-i-4500</leader><controlfield tag="001">000012597</controlfield><controlfield tag="002">20161230</controlfield><controlfield tag="005">20161230201029</controlfield><controlfield tag="008">060222s1000------------r-----000-0-eng-d</controlfield><datafield ind1=" " ind2=" " tag="100"><subfield code="a">Butler, J.K.And Kressel, Henry</subfield></datafield><datafield ind1=" " ind2=" " tag="245"><subfield code="a">Semiconductor lasers and heterojunction leds</subfield></datafield><datafield ind1=" " ind2=" " tag="260"><subfield code="a">New York, Academic Press, 1977</subfield></datafield><datafield ind1=" " ind2=" " tag="490"><subfield code="a">Quantum Electronics-principles And Application S. A Series Of Monographs. Edited By Yoh Han Pao</subfield></datafield><datafield ind1=" " ind2=" " tag="852"><subfield code="a">621.375.826</subfield></datafield></record></collection>